%YAML 1.1
%TAG !u! tag:unity3d.com,2011:
--- !u!1 &499698773604236854
GameObject:
  m_ObjectHideFlags: 0
  m_CorrespondingSourceObject: {fileID: 0}
  m_PrefabInstance: {fileID: 0}
  m_PrefabAsset: {fileID: 0}
  serializedVersion: 6
  m_Component:
  - component: {fileID: 8258404356279207838}
  m_Layer: 0
  m_Name: Left_player_seat
  m_TagString: Untagged
  m_Icon: {fileID: 0}
  m_NavMeshLayer: 0
  m_StaticEditorFlags: 0
  m_IsActive: 1
--- !u!4 &8258404356279207838
Transform:
  m_ObjectHideFlags: 0
  m_CorrespondingSourceObject: {fileID: 0}
  m_PrefabInstance: {fileID: 0}
  m_PrefabAsset: {fileID: 0}
  m_GameObject: {fileID: 499698773604236854}
  m_LocalRotation: {x: 0, y: 0, z: 0, w: 1}
  m_LocalPosition: {x: 1.3825183, y: 0.1, z: -2.8335106}
  m_LocalScale: {x: 1, y: 1, z: 1}
  m_ConstrainProportionsScale: 0
  m_Children: []
  m_Father: {fileID: 2519651115662639048}
  m_RootOrder: 0
  m_LocalEulerAnglesHint: {x: 0, y: 0, z: 0}
--- !u!1 &1754025358914934043
GameObject:
  m_ObjectHideFlags: 0
  m_CorrespondingSourceObject: {fileID: 0}
  m_PrefabInstance: {fileID: 0}
  m_PrefabAsset: {fileID: 0}
  serializedVersion: 6
  m_Component:
  - component: {fileID: 2519651115662639048}
  m_Layer: 0
  m_Name: Seats
  m_TagString: Untagged
  m_Icon: {fileID: 0}
  m_NavMeshLayer: 0
  m_StaticEditorFlags: 0
  m_IsActive: 1
--- !u!4 &2519651115662639048
Transform:
  m_ObjectHideFlags: 0
  m_CorrespondingSourceObject: {fileID: 0}
  m_PrefabInstance: {fileID: 0}
  m_PrefabAsset: {fileID: 0}
  m_GameObject: {fileID: 1754025358914934043}
  m_LocalRotation: {x: -0, y: -0, z: -0, w: 1}
  m_LocalPosition: {x: -1.3825183, y: 0.4100032, z: 2.3815107}
  m_LocalScale: {x: 1, y: 1, z: 1}
  m_ConstrainProportionsScale: 0
  m_Children:
  - {fileID: 8258404356279207838}
  - {fileID: 7264749045700280788}
  m_Father: {fileID: 6893011945655701553}
  m_RootOrder: 1
  m_LocalEulerAnglesHint: {x: 0, y: 0, z: 0}
--- !u!1 &3092810393112977663
GameObject:
  m_ObjectHideFlags: 0
  m_CorrespondingSourceObject: {fileID: 0}
  m_PrefabInstance: {fileID: 0}
  m_PrefabAsset: {fileID: 0}
  serializedVersion: 6
  m_Component:
  - component: {fileID: 6893011945655701553}
  - component: {fileID: 7733289642347256918}
  - component: {fileID: 8671046100987262016}
  - component: {fileID: 6778426530632891050}
  - component: {fileID: 5156392463193016013}
  - component: {fileID: 3385594040703896376}
  m_Layer: 0
  m_Name: Boat
  m_TagString: Untagged
  m_Icon: {fileID: 0}
  m_NavMeshLayer: 0
  m_StaticEditorFlags: 0
  m_IsActive: 1
--- !u!4 &6893011945655701553
Transform:
  m_ObjectHideFlags: 0
  m_CorrespondingSourceObject: {fileID: 0}
  m_PrefabInstance: {fileID: 0}
  m_PrefabAsset: {fileID: 0}
  m_GameObject: {fileID: 3092810393112977663}
  m_LocalRotation: {x: 0, y: 0, z: 0, w: 1}
  m_LocalPosition: {x: 0, y: 0, z: 0}
  m_LocalScale: {x: 1, y: 1, z: 1.5}
  m_ConstrainProportionsScale: 0
  m_Children:
  - {fileID: 386638250221620672}
  - {fileID: 2519651115662639048}
  - {fileID: 7377040762910260351}
  m_Father: {fileID: 0}
  m_RootOrder: 0
  m_LocalEulerAnglesHint: {x: 0, y: 0, z: 0}
--- !u!114 &7733289642347256918
MonoBehaviour:
  m_ObjectHideFlags: 0
  m_CorrespondingSourceObject: {fileID: 0}
  m_PrefabInstance: {fileID: 0}
  m_PrefabAsset: {fileID: 0}
  m_GameObject: {fileID: 3092810393112977663}
  m_Enabled: 1
  m_EditorHideFlags: 0
  m_Script: {fileID: 11500000, guid: 692ece1dfb403355c8d5a3ac7494d869, type: 3}
  m_Name: 
  m_EditorClassIdentifier: 
  water: {fileID: 0}
  leftSeat: {fileID: 499698773604236854}
  rightSeat: {fileID: 4373304099584826526}
--- !u!65 &8671046100987262016
BoxCollider:
  m_ObjectHideFlags: 0
  m_CorrespondingSourceObject: {fileID: 0}
  m_PrefabInstance: {fileID: 0}
  m_PrefabAsset: {fileID: 0}
  m_GameObject: {fileID: 3092810393112977663}
  m_Material: {fileID: 0}
  m_IsTrigger: 0
  m_Enabled: 1
  serializedVersion: 2
  m_Size: {x: 8.599466, y: 1.5604012, z: 2.0368204}
  m_Center: {x: 0.042361975, y: 0.2802006, z: -0.00519681}
--- !u!54 &6778426530632891050
Rigidbody:
  m_ObjectHideFlags: 0
  m_CorrespondingSourceObject: {fileID: 0}
  m_PrefabInstance: {fileID: 0}
  m_PrefabAsset: {fileID: 0}
  m_GameObject: {fileID: 3092810393112977663}
  serializedVersion: 2
  m_Mass: 50
  m_Drag: 0
  m_AngularDrag: 0.05
  m_UseGravity: 0
  m_IsKinematic: 1
  m_Interpolate: 0
  m_Constraints: 88
  m_CollisionDetection: 0
--- !u!114 &5156392463193016013
MonoBehaviour:
  m_ObjectHideFlags: 0
  m_CorrespondingSourceObject: {fileID: 0}
  m_PrefabInstance: {fileID: 0}
  m_PrefabAsset: {fileID: 0}
  m_GameObject: {fileID: 3092810393112977663}
  m_Enabled: 1
  m_EditorHideFlags: 0
  m_Script: {fileID: 11500000, guid: 627855c7f81362d41938ffe0b1475957, type: 3}
  m_Name: 
  m_EditorClassIdentifier: 
  m_SynchronizePosition: 1
  m_SynchronizeRotation: 1
  m_SynchronizeScale: 0
  m_UseLocal: 1
--- !u!114 &3385594040703896376
MonoBehaviour:
  m_ObjectHideFlags: 0
  m_CorrespondingSourceObject: {fileID: 0}
  m_PrefabInstance: {fileID: 0}
  m_PrefabAsset: {fileID: 0}
  m_GameObject: {fileID: 3092810393112977663}
  m_Enabled: 1
  m_EditorHideFlags: 0
  m_Script: {fileID: 11500000, guid: aa584fbee541324448dd18d8409c7a41, type: 3}
  m_Name: 
  m_EditorClassIdentifier: 
  ObservedComponentsFoldoutOpen: 1
  Group: 0
  prefixField: -1
  Synchronization: 3
  OwnershipTransfer: 0
  observableSearch: 2
  ObservedComponents:
  - {fileID: 5156392463193016013}
  sceneViewId: 0
  InstantiationId: 0
  isRuntimeInstantiated: 0
--- !u!1 &4098509959217945017
GameObject:
  m_ObjectHideFlags: 0
  m_CorrespondingSourceObject: {fileID: 0}
  m_PrefabInstance: {fileID: 0}
  m_PrefabAsset: {fileID: 0}
  serializedVersion: 6
  m_Component:
  - component: {fileID: 7377040762910260351}
  m_Layer: 0
  m_Name: Paddles
  m_TagString: Untagged
  m_Icon: {fileID: 0}
  m_NavMeshLayer: 0
  m_StaticEditorFlags: 0
  m_IsActive: 1
--- !u!4 &7377040762910260351
Transform:
  m_ObjectHideFlags: 0
  m_CorrespondingSourceObject: {fileID: 0}
  m_PrefabInstance: {fileID: 0}
  m_PrefabAsset: {fileID: 0}
  m_GameObject: {fileID: 4098509959217945017}
  m_LocalRotation: {x: -0, y: -0, z: -0, w: 1}
  m_LocalPosition: {x: 0.97, y: 0.65, z: 0}
  m_LocalScale: {x: 1, y: 1, z: 1}
  m_ConstrainProportionsScale: 0
  m_Children:
  - {fileID: 4025590747273808594}
  - {fileID: 198710617466850134}
  m_Father: {fileID: 6893011945655701553}
  m_RootOrder: 2
  m_LocalEulerAnglesHint: {x: 0, y: 0, z: 0}
--- !u!1 &4373304099584826526
GameObject:
  m_ObjectHideFlags: 0
  m_CorrespondingSourceObject: {fileID: 0}
  m_PrefabInstance: {fileID: 0}
  m_PrefabAsset: {fileID: 0}
  serializedVersion: 6
  m_Component:
  - component: {fileID: 7264749045700280788}
  m_Layer: 0
  m_Name: Right_player_seat
  m_TagString: Untagged
  m_Icon: {fileID: 0}
  m_NavMeshLayer: 0
  m_StaticEditorFlags: 0
  m_IsActive: 1
--- !u!4 &7264749045700280788
Transform:
  m_ObjectHideFlags: 0
  m_CorrespondingSourceObject: {fileID: 0}
  m_PrefabInstance: {fileID: 0}
  m_PrefabAsset: {fileID: 0}
  m_GameObject: {fileID: 4373304099584826526}
  m_LocalRotation: {x: -0, y: -0, z: -0, w: 1}
  m_LocalPosition: {x: 1.3825183, y: 0.1, z: -1.8615108}
  m_LocalScale: {x: 1, y: 1, z: 1}
  m_ConstrainProportionsScale: 0
  m_Children: []
  m_Father: {fileID: 2519651115662639048}
  m_RootOrder: 1
  m_LocalEulerAnglesHint: {x: 0, y: 0, z: 0}
--- !u!1001 &204671949940763179
PrefabInstance:
  m_ObjectHideFlags: 0
  serializedVersion: 2
  m_Modification:
    m_TransformParent: {fileID: 6893011945655701553}
    m_Modifications:
    - target: {fileID: -8679921383154817045, guid: bf80da17b3e768eeebdde0149c64e490, type: 3}
      propertyPath: m_RootOrder
      value: 0
      objectReference: {fileID: 0}
    - target: {fileID: -8679921383154817045, guid: bf80da17b3e768eeebdde0149c64e490, type: 3}
      propertyPath: m_LocalScale.y
      value: 100.00001
      objectReference: {fileID: 0}
    - target: {fileID: -8679921383154817045, guid: bf80da17b3e768eeebdde0149c64e490, type: 3}
      propertyPath: m_LocalScale.z
      value: 100.00001
      objectReference: {fileID: 0}
    - target: {fileID: -8679921383154817045, guid: bf80da17b3e768eeebdde0149c64e490, type: 3}
      propertyPath: m_LocalPosition.x
      value: 0
      objectReference: {fileID: 0}
    - target: {fileID: -8679921383154817045, guid: bf80da17b3e768eeebdde0149c64e490, type: 3}
      propertyPath: m_LocalPosition.y
      value: 0
      objectReference: {fileID: 0}
    - target: {fileID: -8679921383154817045, guid: bf80da17b3e768eeebdde0149c64e490, type: 3}
      propertyPath: m_LocalPosition.z
      value: 0
      objectReference: {fileID: 0}
    - target: {fileID: -8679921383154817045, guid: bf80da17b3e768eeebdde0149c64e490, type: 3}
      propertyPath: m_LocalRotation.w
      value: 0.7071068
      objectReference: {fileID: 0}
    - target: {fileID: -8679921383154817045, guid: bf80da17b3e768eeebdde0149c64e490, type: 3}
      propertyPath: m_LocalRotation.x
      value: -0.7071068
      objectReference: {fileID: 0}
    - target: {fileID: -8679921383154817045, guid: bf80da17b3e768eeebdde0149c64e490, type: 3}
      propertyPath: m_LocalRotation.y
      value: -0
      objectReference: {fileID: 0}
    - target: {fileID: -8679921383154817045, guid: bf80da17b3e768eeebdde0149c64e490, type: 3}
      propertyPath: m_LocalRotation.z
      value: -0
      objectReference: {fileID: 0}
    - target: {fileID: -8679921383154817045, guid: bf80da17b3e768eeebdde0149c64e490, type: 3}
      propertyPath: m_LocalEulerAnglesHint.x
      value: 0
      objectReference: {fileID: 0}
    - target: {fileID: -8679921383154817045, guid: bf80da17b3e768eeebdde0149c64e490, type: 3}
      propertyPath: m_LocalEulerAnglesHint.y
      value: 0
      objectReference: {fileID: 0}
    - target: {fileID: -8679921383154817045, guid: bf80da17b3e768eeebdde0149c64e490, type: 3}
      propertyPath: m_LocalEulerAnglesHint.z
      value: 0
      objectReference: {fileID: 0}
    - target: {fileID: -7511558181221131132, guid: bf80da17b3e768eeebdde0149c64e490, type: 3}
      propertyPath: m_Materials.Array.data[0]
      value: 
      objectReference: {fileID: 2100000, guid: 9d48d3faabcfdb7d4bf6d05278e07e38, type: 2}
    - target: {fileID: 919132149155446097, guid: bf80da17b3e768eeebdde0149c64e490, type: 3}
      propertyPath: m_Name
      value: Boat
      objectReference: {fileID: 0}
    m_RemovedComponents: []
  m_SourcePrefab: {fileID: 100100000, guid: bf80da17b3e768eeebdde0149c64e490, type: 3}
--- !u!4 &386638250221620672 stripped
Transform:
  m_CorrespondingSourceObject: {fileID: -8679921383154817045, guid: bf80da17b3e768eeebdde0149c64e490, type: 3}
  m_PrefabInstance: {fileID: 204671949940763179}
  m_PrefabAsset: {fileID: 0}
--- !u!1001 &546012395853398011
PrefabInstance:
  m_ObjectHideFlags: 0
  serializedVersion: 2
  m_Modification:
    m_TransformParent: {fileID: 7377040762910260351}
    m_Modifications:
    - target: {fileID: 47236774727298806, guid: 7b15e073dd5e5b299971c20601035d17, type: 3}
      propertyPath: boat
      value: 
      objectReference: {fileID: 3092810393112977663}
    - target: {fileID: 3480743842923672865, guid: 7b15e073dd5e5b299971c20601035d17, type: 3}
      propertyPath: m_Name
      value: Paddle_left
      objectReference: {fileID: 0}
    - target: {fileID: 3480743842923672871, guid: 7b15e073dd5e5b299971c20601035d17, type: 3}
      propertyPath: m_Materials.Array.data[0]
      value: 
      objectReference: {fileID: 2100000, guid: 15c549e5fefb66193a6a75bc67d400d3, type: 2}
    - target: {fileID: 3480743842923672873, guid: 7b15e073dd5e5b299971c20601035d17, type: 3}
      propertyPath: m_RootOrder
      value: 0
      objectReference: {fileID: 0}
    - target: {fileID: 3480743842923672873, guid: 7b15e073dd5e5b299971c20601035d17, type: 3}
      propertyPath: m_LocalPosition.x
      value: 0.559
      objectReference: {fileID: 0}
    - target: {fileID: 3480743842923672873, guid: 7b15e073dd5e5b299971c20601035d17, type: 3}
      propertyPath: m_LocalPosition.y
      value: 0.594
      objectReference: {fileID: 0}
    - target: {fileID: 3480743842923672873, guid: 7b15e073dd5e5b299971c20601035d17, type: 3}
      propertyPath: m_LocalPosition.z
      value: -1.155
      objectReference: {fileID: 0}
    - target: {fileID: 3480743842923672873, guid: 7b15e073dd5e5b299971c20601035d17, type: 3}
      propertyPath: m_LocalRotation.w
      value: 0.099281296
      objectReference: {fileID: 0}
    - target: {fileID: 3480743842923672873, guid: 7b15e073dd5e5b299971c20601035d17, type: 3}
      propertyPath: m_LocalRotation.x
      value: -0.5898221
      objectReference: {fileID: 0}
    - target: {fileID: 3480743842923672873, guid: 7b15e073dd5e5b299971c20601035d17, type: 3}
      propertyPath: m_LocalRotation.y
      value: -0.13302487
      objectReference: {fileID: 0}
    - target: {fileID: 3480743842923672873, guid: 7b15e073dd5e5b299971c20601035d17, type: 3}
      propertyPath: m_LocalRotation.z
      value: 0.7902896
      objectReference: {fileID: 0}
    - target: {fileID: 3480743842923672873, guid: 7b15e073dd5e5b299971c20601035d17, type: 3}
      propertyPath: m_LocalEulerAnglesHint.x
      value: 5.344
      objectReference: {fileID: 0}
    - target: {fileID: 3480743842923672873, guid: 7b15e073dd5e5b299971c20601035d17, type: 3}
      propertyPath: m_LocalEulerAnglesHint.y
      value: -74.336
      objectReference: {fileID: 0}
    - target: {fileID: 3480743842923672873, guid: 7b15e073dd5e5b299971c20601035d17, type: 3}
      propertyPath: m_LocalEulerAnglesHint.z
      value: 161.626
      objectReference: {fileID: 0}
    - target: {fileID: 3889271917746599260, guid: 7b15e073dd5e5b299971c20601035d17, type: 3}
      propertyPath: boat
      value: 
      objectReference: {fileID: 3092810393112977663}
    m_RemovedComponents: []
  m_SourcePrefab: {fileID: 100100000, guid: 7b15e073dd5e5b299971c20601035d17, type: 3}
--- !u!4 &4025590747273808594 stripped
Transform:
  m_CorrespondingSourceObject: {fileID: 3480743842923672873, guid: 7b15e073dd5e5b299971c20601035d17, type: 3}
  m_PrefabInstance: {fileID: 546012395853398011}
  m_PrefabAsset: {fileID: 0}
--- !u!1001 &3643377281937849983
PrefabInstance:
  m_ObjectHideFlags: 0
  serializedVersion: 2
  m_Modification:
    m_TransformParent: {fileID: 7377040762910260351}
    m_Modifications:
    - target: {fileID: 47236774727298806, guid: 7b15e073dd5e5b299971c20601035d17, type: 3}
      propertyPath: boat
      value: 
      objectReference: {fileID: 3092810393112977663}
    - target: {fileID: 3480743842923672865, guid: 7b15e073dd5e5b299971c20601035d17, type: 3}
      propertyPath: m_Name
      value: Paddle_right
      objectReference: {fileID: 0}
    - target: {fileID: 3480743842923672873, guid: 7b15e073dd5e5b299971c20601035d17, type: 3}
      propertyPath: m_RootOrder
      value: 1
      objectReference: {fileID: 0}
    - target: {fileID: 3480743842923672873, guid: 7b15e073dd5e5b299971c20601035d17, type: 3}
      propertyPath: m_LocalPosition.x
      value: 0.32
      objectReference: {fileID: 0}
    - target: {fileID: 3480743842923672873, guid: 7b15e073dd5e5b299971c20601035d17, type: 3}
      propertyPath: m_LocalPosition.y
      value: 0.46000004
      objectReference: {fileID: 0}
    - target: {fileID: 3480743842923672873, guid: 7b15e073dd5e5b299971c20601035d17, type: 3}
      propertyPath: m_LocalPosition.z
      value: 1.108
      objectReference: {fileID: 0}
    - target: {fileID: 3480743842923672873, guid: 7b15e073dd5e5b299971c20601035d17, type: 3}
      propertyPath: m_LocalRotation.w
      value: 0.10108851
      objectReference: {fileID: 0}
    - target: {fileID: 3480743842923672873, guid: 7b15e073dd5e5b299971c20601035d17, type: 3}
      propertyPath: m_LocalRotation.x
      value: 0.71955574
      objectReference: {fileID: 0}
    - target: {fileID: 3480743842923672873, guid: 7b15e073dd5e5b299971c20601035d17, type: 3}
      propertyPath: m_LocalRotation.y
      value: 0.09558152
      objectReference: {fileID: 0}
    - target: {fileID: 3480743842923672873, guid: 7b15e073dd5e5b299971c20601035d17, type: 3}
      propertyPath: m_LocalRotation.z
      value: 0.68035644
      objectReference: {fileID: 0}
    - target: {fileID: 3480743842923672873, guid: 7b15e073dd5e5b299971c20601035d17, type: 3}
      propertyPath: m_LocalEulerAnglesHint.x
      value: 0.883
      objectReference: {fileID: 0}
    - target: {fileID: 3480743842923672873, guid: 7b15e073dd5e5b299971c20601035d17, type: 3}
      propertyPath: m_LocalEulerAnglesHint.y
      value: 93.084
      objectReference: {fileID: 0}
    - target: {fileID: 3480743842923672873, guid: 7b15e073dd5e5b299971c20601035d17, type: 3}
      propertyPath: m_LocalEulerAnglesHint.z
      value: 164.03
      objectReference: {fileID: 0}
    - target: {fileID: 3889271917746599260, guid: 7b15e073dd5e5b299971c20601035d17, type: 3}
      propertyPath: boat
      value: 
      objectReference: {fileID: 3092810393112977663}
    - target: {fileID: 3889271917746599260, guid: 7b15e073dd5e5b299971c20601035d17, type: 3}
      propertyPath: playerPosition
      value: 1
      objectReference: {fileID: 0}
    m_RemovedComponents: []
  m_SourcePrefab: {fileID: 100100000, guid: 7b15e073dd5e5b299971c20601035d17, type: 3}
--- !u!4 &198710617466850134 stripped
Transform:
  m_CorrespondingSourceObject: {fileID: 3480743842923672873, guid: 7b15e073dd5e5b299971c20601035d17, type: 3}
  m_PrefabInstance: {fileID: 3643377281937849983}
  m_PrefabAsset: {fileID: 0}
